
@article{scolforo_comparison_2018,
	title = {Comparison of taper functions applied to eucalypts of varying genetics in Brazil: application and evaluation of the penalized mixed spline approach},
	volume = {48},
	issn = {0045-5067, 1208-6037},
	url = {http://www.nrcresearchpress.com/doi/10.1139/cjfr-2017-0366},
	doi = {10.1139/cjfr-2017-0366},
	shorttitle = {Comparison of taper functions applied to eucalypts of varying genetics in Brazil},
	pages = {568--580},
	number = {5},
	journaltitle = {Canadian Journal of Forest Research},
	author = {Scolforo, Henrique Ferraco and {McTague}, John Paul and Raimundo, Marcel Regis and Weiskittel, Aaron and Carrero, Omar and Scolforo, Jose Roberto Soares},
	urldate = {2018-07-28},
	date = {2018-05},
	langid = {english},
	annotation = {\#\# {ArticleID}: 1  Student:  }
}