
@article{warner_development_2016,
	title = {Development and evaluation of teak ({Tectona} grandis {L}.f.) taper equations in northern {Thailand}},
	volume = {50},
	issn = {2452316X},
	url = {http://linkinghub.elsevier.com/retrieve/pii/S2452316X16302459},
	doi = {10.1016/j.anres.2016.04.005},
	language = {en},
	number = {5},
	urldate = {2018-07-28},
	journal = {Agriculture and Natural Resources},
	author = {Warner, Andrew J. and Jamroenprucksa, Monton and Puangchit, Ladawan},
	month = sep,
	year = {2016},
	pages = {362--367}
}

@article{tang_development_2016,
	title = {Development of a {Compatible} {Taper} {Function} and {Stand}-{Level} {Merchantable} {Volume} {Model} for {Chinese} {Fir} {Plantations}},
	volume = {11},
	issn = {1932-6203},
	url = {http://dx.plos.org/10.1371/journal.pone.0147610},
	doi = {10.1371/journal.pone.0147610},
	language = {en},
	number = {1},
	urldate = {2018-07-28},
	journal = {PLOS ONE},
	author = {Tang, Xiaolu and Pérez-Cruzado, César and Fehrmann, Lutz and Álvarez-González, Juan Gabriel and Lu, Yuanchang and Kleinn, Christoph},
	editor = {Wu, Rongling},
	month = jan,
	year = {2016},
	pages = {e0147610}
}

@article{corral-rivas_compatible_2017,
	title = {Compatible {System} for {Predicting} {Total} and {Merchantable} {Stem} {Volume} over and under {Bark}, {Branch} {Volume} and {Whole}-{Tree} {Volume} of {Pine} {Species}},
	volume = {8},
	issn = {1999-4907},
	url = {http://www.mdpi.com/1999-4907/8/11/417},
	doi = {10.3390/f8110417},
	language = {en},
	number = {11},
	urldate = {2018-07-28},
	journal = {Forests},
	author = {Corral-Rivas, José and Vega-Nieva, Daniel and Rodríguez-Soalleiro, Roque and López-Sánchez, Carlos and Wehenkel, Christian and Vargas-Larreta, Benedicto and Álvarez-González, Juan and Ruiz-González, Ana},
	month = nov,
	year = {2017},
	pages = {417}
}

@article{sun_deriving_2016,
	title = {Deriving {Merchantable} {Volume} in {Poplar} through a {Localized} {Tapering} {Function} from {Non}-{Destructive} {Terrestrial} {Laser} {Scanning}},
	volume = {7},
	issn = {1999-4907},
	url = {http://www.mdpi.com/1999-4907/7/4/87},
	doi = {10.3390/f7040087},
	language = {en},
	number = {12},
	urldate = {2018-07-28},
	journal = {Forests},
	author = {Sun, Yuan and Liang, Xinlian and Liang, Ziyu and Welham, Clive and Li, Weizheng},
	month = apr,
	year = {2016},
	pages = {87}
}

@article{martins_estimativa_2017,
	title = {Estimativa do {Afilamento} do {Fuste} de {Araucária} {Utilizando} {Técnicas} de {Inteligência} {Artificial}},
	volume = {24},
	issn = {2179-8087},
	url = {http://www.scielo.br/scielo.php?script=sci_arttext&pid=S2179-80872017000100152&lng=pt&tlng=pt},
	doi = {10.1590/2179-8087.023416},
	number = {0},
	urldate = {2018-07-28},
	journal = {Floresta e Ambiente},
	author = {Martins, Ana Paula Marques and Debastiani, Aline Bernarda and Pelissari, Allan Libanio and Machado, Sebastião do Amaral and Sanquetta, Carlos Roberto},
	year = {2017}
}

@article{silva_fitting_2006,
	title = {Fitting a taper function to minimize the sum of absolute deviations},
	volume = {63},
	issn = {0103-9016},
	url = {http://www.scielo.br/scielo.php?script=sci_arttext&pid=S0103-90162006000500007&lng=en&tlng=en},
	doi = {10.1590/S0103-90162006000500007},
	number = {5},
	urldate = {2018-07-28},
	journal = {Scientia Agricola},
	author = {Silva, Lana Mirian Santos da and Rodriguez, Luiz Carlos Estraviz and Caixeta Filho, José Vicente and Bauch, Simone Carolina},
	month = oct,
	year = {2006},
	pages = {460--470}
}

@article{arnoni_costa_funcao_2016,
	title = {{FUNÇÃO} {DE} {AFILAMENTO} {E} {SORTIMENTOS} {DE} {MADEIRA} {PARA} {Araucaria} angustifolia},
	volume = {26},
	issn = {0103-9954},
	url = {http://www.redalyc.org/articulo.oa?id=53446151016},
	abstract = {Funções de afilamento permitem determinar classes de dimensão e volumes das árvores com aplicação  direta no planejamento das atividades técnicas e econômicas da floresta. Com esse propósito, os objetivos  do  presente  estudo  foram  descrever  o  afilamento  do  fuste  de  Araucaria  angustifolia   (Bertol.)  Kuntze   na porção compreendida entre o nível do solo e a inserção da copa de árvores de remanescente florestal  nativo, bem como ajustar modelo de regressão para a relação altura/DAP, para o diâmetro na inserção da  copa  sobre  o  DAP  e  demonstrar  a  aplicação  das  funções  com  a  confecção  de  uma  tabela  de  sortimentos   de madeira.  Oitenta e cinco árvores tiveram medidas seus diâmetros e alturas relativas pelo método de  cubagem  rigorosa  de  Hohenadl,  assim  como  o  diâmetro  na  inserção  da  copa  com  o  Criterion  RD  1000.   Os modelos de afilamento ajustados por regressão foram o polinômio do 5º grau, Kozak (1988), Lee et al.  (2003) e Sharma e Zhang (2004). O coeficiente de determinação ajustado (R²aj), o erro padrão da estimativa  em porcentagem (Syx\%) e a análise gráfica entre valores estimados e observados foram as estatísticas  usadas para avaliar o ajuste e a precisão dos modelos. O modelo da relação altura/DAP e do diâmetro no  ponto de inserção da copa alcançaram boas estatísticas de ajuste e precisão, permitindo sua aplicação em  inventários florestais e no planejamento da produção florestal. A flexibilidade e a eficiência do modelo de  Kozak (1988) em predizer diâmetros e volumes até o ponto de inserção da copa favorecem o uso e obtenção  de sortimentos de madeira de araucária.

Taper functions allow determining size classes and volumes of trees with direct application in the planning  of technical and economic forest activities. For this purpose, the aim of this study was to describe the taper  of the trunk of  Araucaria  angustifolia   (Bertol.)  Kuntze  in  the  portion  between  the  ground  level  and  the   insertion of the crown of individuals in remnant of native forest. Also tried to fit the regression model to  represent relations height/DBH, diameter at the insertion of the crown in function DBH and the development  of assortment timber table. Eighty-five trees were measured their diameters and heights relatives using  Hohenadl  cubed  method  and  the  diameter  of  the  insertion  crown  with  Criterion  RD  1000  instrument.   The taper models were adjusted by regression analysis using polynomial of the 5 th  degree, Kozak (1988),  Lee et al. (2003) and Sharma and Zhang (2004). The adjusted coefficient of determination (R²aj), the standard error of estimate in percentage (Syx\%) and graphical analysis between estimated values in function  of observed were used statistics to evaluate the quality of fit and models precision. The model height/DBH  and diameter at the insertion point of the crown evidence good fit statistical and precision, allowing its  application in activities intended at planning and forest inventories. The flexibility and efficiency of Kozak  (1988) model in predicting diameters and volumes until the crown insertion point favors the use and obtain  timber assortments of araucaria.},
	language = {Portugués},
	number = {2},
	urldate = {2018-07-28},
	journal = {Ciência Florestal},
	author = {Arnoni Costa, Emanuel and Guimarães Finger, César Augusto and Schneider, Paulo Renato and Hess, André Felipe},
	year = {2016},
	keywords = {individual volume, Parana pine, perfil do fuste, Pinheiro-brasileiro, sortimentos de madeira, timber assortments., trunk profile, volume individual},
	pages = {523--533}
}

@article{souza_modelos_2008,
	title = {Modelos de afilamento para o sortimento do fuste de {Pinus} taeda {L}},
	volume = {38},
	issn = {0103-8478},
	url = {http://www.scielo.br/scielo.php?script=sci_arttext&pid=S0103-84782008000900014&lng=pt&tlng=pt},
	doi = {10.1590/S0103-84782008000900014},
	number = {9},
	urldate = {2018-07-28},
	journal = {Ciência Rural},
	author = {Souza, Carlos Alberto Martinelli de and Chassot, Tatiane and Finger, César Augusto Guimarães and Schneider, Paulo Renato and Fleig, Frederico Dimas},
	month = dec,
	year = {2008},
	pages = {2506--2511}
}

@article{arias-rodil_fitting_2015,
	title = {Fitting and {Calibrating} a {Multilevel} {Mixed}-{Effects} {Stem} {Taper} {Model} for {Maritime} {Pine} in {NW} {Spain}},
	volume = {10},
	issn = {1932-6203},
	url = {http://dx.plos.org/10.1371/journal.pone.0143521},
	doi = {10.1371/journal.pone.0143521},
	language = {en},
	number = {12},
	urldate = {2018-07-28},
	journal = {PLOS ONE},
	author = {Arias-Rodil, Manuel and Castedo-Dorado, Fernando and Cámara-Obregón, Asunción and Diéguez-Aranda, Ulises},
	editor = {Reigosa, Manuel},
	month = dec,
	year = {2015},
	pages = {e0143521}
}

@article{rodriguez_comparison_2015,
	title = {Comparison of stem taper equations for eight major tree species in the {Spanish} {Plateau}},
	volume = {24},
	issn = {2171-9845, 2171-5068},
	url = {http://revistas.inia.es/index.php/fs/article/view/6229},
	doi = {10.5424/fs/2015243-06229},
	number = {3},
	urldate = {2018-07-28},
	journal = {Forest Systems},
	author = {Rodríguez, Francisco and Lizarralde, Iñigo and Bravo, Felipe},
	month = dec,
	year = {2015},
	pages = {e034}
}

@article{ozcelik_stem_2017,
	title = {Stem taper and volume models for natural cedar and {Taurus} fir mixed stands in {Bucak} {District}},
	volume = {67},
	issn = {0535-8418},
	url = {http://dergipark.gov.tr/doi/10.17099/jffiu.290845},
	doi = {10.17099/jffiu.290845},
	number = {2},
	urldate = {2018-07-28},
	journal = {İstanbul Üniversitesi Orman Fakültesi Dergisi},
	author = {Özçelik, Ramazan and Dirican, Osman},
	month = jul,
	year = {2017},
	pages = {1--1}
}

@article{machado_comparacao_2005,
	title = {Comparação de métodos de estimativa de volume para {Pinus} oocarpa em diferentes idades e diferente iregimes de desbastes},
	volume = {2005},
	url = {https://pfb.cnpf.embrapa.br/pfb/index.php/pfb/article/view/242/193},
	abstract = {Esta pesquisa visa comparar os volumes dos fustes de  P. oocarpa  obtidos pelos métodos de Smalian, fator de forma, equação de volume e função de afilamento. Foram usadas 1100 árvores distribuídas em 11 regimes  e manejo pertencentes a Duraflora S. A. de Agudos – SP. As árvores foram cubadas e os seus volumes com e sem casca foram estimados pelos  métodos citados. Para verificar a homogeneidade de variâncias, aplicou-se o Teste de Bartlett. A análise de variância mostrou pela comparação do valor de F e  nível de significância, a não existência de diferenças significativas entre os métodos de estimativa de   volume para os 11 regimes de manejo com e sem casca, ao nível de 95\% de probabilidade,  confirmando a hipótese de que os volumes médios estimados através dos métodos estudados são  estatisticamente iguais entre si.},
	number = {50 ( jan./jun.)},
	journal = {Pesquisa Florestal Brasileira},
	author = {Machado, Sebastião do Amaral and Urbano, Edilson and Conceição, Marcio Barbosa da},
	year = {2005},
	keywords = {equação de afilamento, equação de volume, fator de forma, Volume por Smalian}
}

@article{scolforo_comparison_2018,
	title = {Comparison of taper functions applied to eucalypts of varying genetics in {Brazil}: application and evaluation of the penalized mixed spline approach},
	volume = {48},
	issn = {0045-5067, 1208-6037},
	shorttitle = {Comparison of taper functions applied to eucalypts of varying genetics in {Brazil}},
	url = {http://www.nrcresearchpress.com/doi/10.1139/cjfr-2017-0366},
	doi = {10.1139/cjfr-2017-0366},
	language = {en},
	number = {5},
	urldate = {2018-07-28},
	journal = {Canadian Journal of Forest Research},
	author = {Scolforo, Henrique Ferraco and McTague, John Paul and Raimundo, Marcel Regis and Weiskittel, Aaron and Carrero, Omar and Scolforo, Jose Roberto Soares},
	month = may,
	year = {2018},
	pages = {568--580}
}

@article{navar_taper_2013,
	title = {Taper functions and merchantable timber for temperate forests of northern {Mexico}},
	volume = {56},
	issn = {20652445},
	url = {https://www.afrjournal.org/index.php/afr/article/view/51},
	abstract = {Taper functions are required in modern forest management in estimation of the end forest products, to be classified for their life time in the environment. Based on a sample of 1640 trees of 10 species measured in volume, biomass and taper project on Mexicos northern temperate, mixed, uneven-aged coniferous forests, 12 stem profile taper functions were fitted in order to select the equation that provides better diameter estimates at commercial tree height. Although several equations fitted better specific tree species, the Newnham (1990) equation consistently yielded better diameter estimates at any length of the stem for all studied species. The confidence intervals on the Newnham (1990) equation parameters showed that each species has an unique stem profile and, therefore, single parameter equations are reported. Because of lack of analytical integration, the recommended taper equation (when numerically integrated) provided compatible, unbiased total bole volume when contrasted to conventional timber volume assessments. Data for 637 circular, 1/10 ha, plots from temperate forests of Central Durango, Mexico estimated a mean of 135 m3 ha-1, of which 18, 59, 30, and 17 m3 ha-1 could be classified as poles, sawn wood, plywood and secondary forest products, respectively. This information can be used for the planning of the forest industry to optimize forest products derived from timber harvesting, as well as for estimating other environmental components.},
	number = {1},
	journal = {Annals of Forest Research},
	author = {Návar, José and Rodríguez-Flores, F. de Jesús and Domínguez-Calleros, Pedro A.},
	year = {2013},
	keywords = {taper functions, Newnham (1990), variable exponent function.}
}